% This file was created with JabRef 2.10.
% Encoding: ANSI_X3.4-1968


@Article{discrete_math_alon,
  Title                    = {Ranking Tournaments},
  Author                   = {Noga Alon},
  Journal                  = {Discrete Mathematics},
  Year                     = {2006},

  Month                    = aug,
  Number                   = {1},
  Pages                    = {137-142},
  Volume                   = {20},

  Owner                    = {wspeirs},
  Timestamp                = {2016.01.11}
}

@Article{combinatorics_charbit,
  Title                    = {The Minimum Feedback Arc Set Problem is NP-Hard for Tournaments},
  Author                   = {Charbit, Pierre and Thomass{\'e}, St{\'e}phan and Yeo, Anders},
  Journal                  = {Combinatorics, Probability and Computing},
  Year                     = {2007},

  Month                    = jan,
  Number                   = {1},
  Pages                    = {1--4},
  Volume                   = {16},

  Acmid                    = {1187933},
  Address                  = {New York, NY, USA},
  Doi                      = {10.1017/S0963548306007887},
  ISSN                     = {0963-5483},
  Issue_date               = {January 2007},
  Numpages                 = {4},
  Publisher                = {Cambridge University Press},
  Url                      = {http://dx.doi.org/10.1017/S0963548306007887}
}

@Electronic{ESPN:ne_2007,
  Title                    = {NFL Standings -- 2007},
  Author                   = {ESPN},
  Url                      = {http://espn.go.com/nfl/standings/_/season/2007},

  Owner                    = {wspeirs},
  Timestamp                = {2016.01.10}
}

@Electronic{ESPN:ne_2008,
  Title                    = {NFL Standings -- 2008},
  Author                   = {ESPN},
  Url                      = {http://espn.go.com/nfl/standings/_/season/2008},

  Owner                    = {wspeirs},
  Timestamp                = {2016.01.10}
}

@Article{biometrika_slater,
  Title                    = {Inconsistencies in a Schedule of Paired Comparisons},
  Author                   = {Patrick Slater},
  Journal                  = {Biometrika},
  Year                     = {1961},
  Number                   = {3/4},
  Pages                    = {303-312},
  Volume                   = {48},

  Owner                    = {wspeirs},
  Timestamp                = {2016.01.10}
}

@Electronic{wiki:tom_brady,
  Title                    = {Tom Brady -- 2008 Season},
  Author                   = {Wikipedia},
  Url                      = {https://en.wikipedia.org/wiki/Tom_Brady#2008_season},

  Owner                    = {wspeirs},
  Timestamp                = {2016.01.10}
}

